@article{greenwade93,
    author  = "George D. Greenwade",
    title   = "The {C}omprehensive {T}ex {A}rchive {N}etwork ({CTAN})",
    year    = "1993",
    journal = "TUGBoat",
    volume  = "14",
    number  = "3",
    pages   = "342--351"
}

@online{zap,
    title       ={ZapProxy},
    urldate     ={2023-05-17},
    url         ={https://www.zaproxy.org/}    
}

@online{chatgpt,
    title       ={ChatGPT},
    urldate     ={2023-05-20},
    url         ={https://chat.openai.com/}    
}

@online{copilot,
    title       ={GitHub Copilot},
    urldate     ={2023-05-17},
    url         ={https://github.com/features/copilot}
}

@online{ELK,
    title       ={ELK},
    urldate     ={2023-05-23},
    url         ={https://www.elastic.co/guide/en/cloud-enterprise/current/ece-hardware-prereq.html}    
}

@online{license,
    title       ={license},
    urldate     ={2023-05-23},
    url         ={https://spring.io/trademarks}    
}
